2244 3535
443 252 492 301 ὂς
885 230 1122 280 DAN.
1209 204 1565 298 H1E1Ns11

444 321 712 387 laudibus
741 316 940 380 attolli.
969 308 1073 399 qui
1094 310 1406 375 tardassent
1430 362 1445 383 ,
1470 313 1662 374 verbis
1683 300 1966 399 castigati,
1994 319 2056 378 in
2139 376 2143 381 .
2199 383 2204 390 ,

444 409 707 472 futurum
720 404 902 463 acrius
929 398 1270 460 tendebant.
1313 398 1526 481 Operis
1554 395 1648 458 hic
1664 399 1899 461 moduS.
1926 403 2054 464 Vir-

444 492 740 578 gultorum
765 483 1009 545 struibus
1028 482 1244 568 ingesta
1256 481 1438 543 tellus,
1482 481 1567 543 Εὲι
1590 480 1790 567 super,
1817 483 1931 566 pali
1958 486 2057 547 sex

445 594 545 638 aut
556 570 799 655 amplius
812 568 1006 629 defixi:
1023 567 1140 629 fere
1149 586 1215 628 vt
1228 566 1536 628 interuallo
1549 567 1710 650 pedis
1726 570 1879 632 inter
1889 567 1944 629 se
1958 570 2053 631 ab·

443 659 636 725 effent.
660 658 764 739 qui
778 653 1118 727 viminibus»,
1133 652 1206 714 ad
1221 651 1392 713 instar
1405 650 1567 735 sepiS,
1578 651 1763 714 valide
1779 658 2056 717 connexi.

442 746 620 826 Super
637 736 1085 824 queiS,ejusdem
1098 735 1302 798 formae
1318 759 1383 798 ac
1395 735 1677 799 mensurae
1691 736 1800 812 alii,
1817 737 2054 800 inferio·
2068 778 2073 783 -

444 828 603 890 ribus
626 822 888 907 virgultis
913 822 978 883 ea
1002 825 1063 883 vi
1088 821 1323 906 impaffi
1338 873 1351 897 ‚
1379 839 1445 882 vt
1463 820 1668 884 eadem
1681 821 1869 905 specie
1894 821 2056 884 haud

440 909 751 972 difficulter
764 906 1145 968 neclerentur.
1161 905 1226 968 ea
1241 905 1544 968 altitudine
1555 958 1569 981 ,
1596 926 1662 968 vt
1681 911 1949 991 quinque
1960 929 2055 991 pe·

442 996 543 1057 des
556 993 890 1078 supra'viam
905 995 1248 1054 eminerent.
1292 992 1388 1051 Ex
1409 990 1652 1053 aduerso
1677 992 1835 1074 sepes
1855 991 2053 1062 altera,

418 1079 642 1142 eadem
666 1077 816 1138 ‘facie
831 1076 1114 1171 opposita,
1141 1095 1207 1138 vt
1227 1076 1385 1137 binis
1416 1075 1604 1137 amba:
1626 1075 1877 1170 pedibus
1900 1075 2051 1138 abes-

432 1149 580 1230 sent.
624 1163 933 1245 Vtranque
954 1179 1120 1235 mter,
1131 1160 1282 1222 faces
1294 1183 1360 1222 ac
1373 1160 1641 1245 virgulta,
1668 1155 2054 1245 iteruming'e-
2104 1239 2106 1242 .

438 1249 533 1324 sta,
548 1245 915 1332 pedibusque
931 1245 1116 1308 valide
1142 1245 1413 1329 depreffay.
1456 1244 1592 1329 Ipsae
1618 1245 1774 1329 sepes
1792 1297 1806 1320 ,
1833 1267 1910 1306 ne
1936 1267 2056 1329 qua

439 1333 730 1406 cederent,
747 1350 847 1392 aut
860 1330 1105 1398 alterum
1118 1333 1180 1391 in
1195 1330 1341 1391 latus
1356 1333 1523 1404 irent,
1538 1329 1651 1414 pali
1673 1329 1875 1390 denuo
1888 1333 2054 1392 vimi-

438 1418 616 1479 nibus
631 1418 865 1490 annexi,
880 1433 945 1476 vt
959 1421 1023 1478 ὃς
1037 1415 1166 1497 ipsae
1178 1417 1328 1475 inter
1343 1413 1399 1474 se
1412 1414 1710 1475 haererent.
1736 1416 1820 1474 Ita
1831 1413 2056 1497 duplex
2103 1493 2106 1497 ι
2162 1476 2165 1479 ⁴
2203 1460 2206 1463 Δ

438 1501 582 1564 foffa
594 1499 1000 1560 circumducta.
1057 1502 1221 1583 Qae
1235 1550 1248 1574 ‚
1275 1516 1658 1581 praeterquam
1672 1497 1846 1581 quod-
1867 1497 2054 1560 firma-

339 1650 347 1657 ,
376 1647 380 1652 ,
440 1603 572 1647 rent
607 1583 996 1666 siccarentque
1019 1583 1223 1657 castra,
1255 1585 1620 1643 commeatui
1647 1580 1933 1643 accessum
1958 1583 2054 1645 da-

440 1670 599 1732 bant.
623 1673 730 1752 qui
754 1671 857 1729 vix
878 1686 1015 1728 ante
1049 1669 1218 1728 carris
1253 1665 1660 1749 curribusque,
1687 1670 1752 1729 &
1778 1666 2054 1750 impenfis

438 1756 707 1815 maximis
723 1804 737 1828 ,
757 1750 1166 1834 advehebatur.
1222 1751 1306 1813 Ita
1330 1750 1617 1835 quicquid
1643 1750 1780 1811 loco
1808 1769 1944 1812 ante
1969 1755 2074 1814 in·-

437 1843 606 1902 vium
619 1855 720 1899 aut
740 1834 1104 1913 inaccessum,
1119 1835 1230 1897 tale
1246 1837 1689 1898 munimentum
1706 1835 1912 1897 nostris
1927 1834 2056 1899 fuit.

440 1925 648 2005 Agger
661 1921 795 2004 ipse,
810 1920 884 1982 ab
902 1924 1110 2004 operiS,
1124 1942 1269 2004 quas
1281 1919 1557 1981 adhibere
1575 1919 1782 1990 visum,
1805 1920 2054 1983 Batauo-

438 2028 573 2067 rum
587 2005 785 2067 dictuS.
813 2026 1008 2089 neque
1023 2004 1142 2066 vllo
1167 2004 1380 2088 largior
1393 2005 1518 2087 spes
1532 2002 2053 2080 obfidentumffna-

440 2095 530 2174 jor
557 2093 786 2151 animos
821 2088 1050 2150 hostiles
1086 2088 1407 2172 desperatio
1443 2092 1685 2150 intrauit
1697 2122 1715 2149 .·
1790 2089 1841 2148 Is
1868 2092 2053 2150 conti-

440 2193 674 2246 nuatUS‚
686 2192 887 2235 caetera
894 2175 1230 2256 conjunxit.
1256 2174 1446 2234 Partes
1454 2169 1656 2233 autem
1668 2171 1810 2232 duae.
1829 2171 2053 2248 Altera,

437 2258 754 2322 Vuchtana
776 2258 807 2318 a
822 2257 1080 2341 planicie,
1096 2255 1395 2340 castrisque
1409 2255 1527 2318 fere
1539 2255 2054 2340 PrincipiS,ad⁴Pin-

379 2384 426 2405 οη.
441 2344 592 2405 fiana
609 2380 622 2420 3
638 2343 822 2414 altera,
837 2341 952 2426 qua
975 2360 1135 2426 parte
1153 2339 1340 2402 *folla
1355 2391 1369 2411 ‚
1392 2340 1618 2403 Bossica
1633 2363 1796 2407 nunc
1822 2362 2050 2402 nuncu·
2141 2416 2148 2424 ⁶

350 2461 362 2479 e
444 2447 590 2512 pata,
603 2428 675 2489 ad
689 2445 717 2498 †
733 2426 997 2511 Angellae
1011 2429 1228 2501 vicum,
1240 2425 1736 2510 spatio-continuo
1758 2424 2049 2509 perducta.
2116 2429 2118 2432 ’

440 2515 707 2597 Qrum
722 2512 834 2587 ista,
848 2528 1052 2595 quater
1063 2510 1218 2572 mille
1241 2509 1431 2595 paffus
1450 2562 1462 2586 ,
1490 2510 1661 2572 altera
1691 2511 1777 2570 bis
1802 2509 1958 2582 mille
1983 2515 2050 2574 &

424 2636 428 2639 -
441 2603 800 2684 quingentos
815 2595 932 2656 fere
945 2595 1216 2681 expleret.
1236 2596 1408 2678 Opus
1420 2594 1655 2679 posteris
1672 2594 2053 2679 stupendum,

257 2698 276 2711 ‘
439 2693 463 2719 δὲ
477 2682 661 2766 moles
675 2683 999 2742 vnaminus
1012 2695 1189 2764 quam
1203 2683 1498 2764 viginti,&
1517 2676 1579 2742 in
1593 2678 1747 2742 fossa
1764 2702 1940 2741 naues
1952 2679 2043 2740 ali-

436 2786 604 2853 quot,
617 2769 925 2827 tormentis
938 2765 1196 2848 pluribus
1210 2763 2043 2840 instructae,defendebant.Ac-

369 2895 375 2900 -
434 2852 721 2914 cedebant
757 2851 789 2882 ‘⁴‘
820 2851 1195 2910 tormentaria
1219 2847 1476 2932 suggesta
1513 2849 1586 2910 ad
1623 2847 2042 2933 septendecim,

435 2933 785 3019 excipiendo
810 2932 986 2996 hosti:
1016 2951 1313 3017 praeter-ea·
1328 2982 1344 3005 ‚
1369 2954 1499 3016 quae
1525 2937 1587 2995 in
1610 2945 1642 2999 †
1665 2932 2041 3005 castellorum,

1859 3025 1892 3065 >k
1905 3037 2037 3097 ope-
