2244 3535
604 269 1070 317 H1sToR1AE
1146 272 1291 319 ΜΒ.
1344 274 1403 319 11.
1777 288 1830 341 87

218 369 354 410 cum
378 350 602 432 ingenti
614 370 796 411 manu
835 357 854 422 (
870 372 1049 432 quam
1074 372 1337 414 rumores
1361 372 1642 416 auxerant
1654 361 1719 421 ὃ(
1733 381 1824 442 pa-

216 442 354 508 vor>
368 431 777 516 propinquasse
790 434 932 493 Vrbi.
980 434 1142 494 Luce
1163 435 1299 498 dein
1327 437 1508 519 prima
1521 489 1535 513 ,
1569 443 1826 524 equitem

216 539 354 577 cum
379 518 576 577 nostro
591 516 705 577 vna
721 516 1057 577 velitatione
1072 521 1136 579 ὃς
1152 517 1321 580 altera
1334 532 1658 604 expertum:
1676 547 1825 588 mox

216 606 536 666 exercitum
547 599 859 683 pedestrem
878 598 1266 664 subsecutum.
1289 604 1426 664 inde
1439 606 1644 668 vrbem
1658 610 1821 672 vndi-

215 708 332 771 que
343 683 778 767 propemodum
804 682 1100 746 obsessam.
1154 686 1270 747 Sub
1283 688 1600 765 meridiem,
1616 711 1680 752 tu
1689 692 1820 756 bici-

216 791 370 840 nem‚
384 786 448 828 vt
463 766 591 827 belli
601 788 732 827 mos
745 766 923 829 habet
935 819 948 843 ,
963 768 1037 828 de
1049 768 1348 832 deditione
1359 772 1606 849 miffum,
1620 797 1678 837 re
1692 794 1823 841 tum

215 852 366 916 irrita
381 851 453 912 a'd
467 849 601 912 suos
619 850 852 913 rediiffe.
899 851 1004 913 Ad
1026 853 1345 930 meridiem,
1357 856 1597 919 Caesarei
1611 866 1820 923 exerci-

215 957 306 999 tus
318 933 675 1010 Praefectum,
690 935 885 1019 pofitis
899 937 1367 1021 tormentiS,pilas
1381 940 1715 1023 grandiores
1729 946 1820 1007 ali-

213 1038 382 1105 quot,
397 1042 505 1081 nec
518 1020 790 1103 ponderis
802 1019 1075 1102 ejusdem,
1101 1021 1338 1083 emififfe
1353 1026 1413 1084 in
1428 1024 1634 1086 vrbem
1650 1053 1662 1087 :
1681 1050 1820 1093 cum

212 1128 339 1190 quo
352 1107 504 1188 paria
517 1102 703 1165 feciffe
730 1104 974 1166 nostros,
1025 1107 1143 1166 Die
1167 1106 1379 1168 eodem
1394 1160 1408 1183 ,
1435 1107 1667 1172 missum
1687 1112 1819 1175 alte·

211 1212 361 1260 rum,
375 1192 477 1272 qui
493 1188 664 1272 paesto
677 1192 850 1272 recipi
860 1189 1151 1251 instanteis
1166 1190 1502 1274 postularet,
1548 1199 1788 1257 monito
1802 1249 1816 1272 ,

212 1292 293 1344 vt,
306 1274 346 1335 fi
360 1274 622 1334 actutum
637 1272 809 1356 seque
821 1296 887 1334 ac
900 1273 998 1335 sua
1012 1275 1161 1358 Regi
1173 1274 1467 1349 dederent,
1478 1299 1553 1338 ex
1567 1300 1738 1362 aequo
1751 1303 1818 1342 ac

214 1359 468 1442 benigne
480 1357 674 1421 astum
687 1360 767 1418 iri.
812 1362 873 1418 ni
889 1377 1152 1441 parerent
1162 1411 1176 1433 ,
1191 1362 1312 1420 vim
1326 1382 1391 1420 ac
1407 1360 1607 1422 vltima
1616 1363 1816 1427 adeffe.

211 1442 398 1521 Quod
421 1447 486 1505 &
511 1441 682 1502 literis
712 1441 744 1502 a
763 1442 972 1525 Bergio
999 1441 1272 1504 exhibitis
1295 1442 1593 1506 testatum:
1621 1468 1818 1531 neque

202 1527 645 1610 'ampliusquam
659 1524 906 1607 spatium
925 1526 1204 1608 cogendis
1230 1527 1650 1610 magistratibus
1677 1535 1816 1613 peti-

210 1629 355 1672 tum.
399 1610 465 1671 N
470 1609 602 1670 octe
613 1609 901 1692 proxima,
917 1612 1147 1684 virtute,
1160 1613 1379 1693 quanta
1391 1612 1590 1694 potuit
1604 1662 1618 1683 ,
1631 1614 1663 1675 a
1675 1619 1812 1676 ciui-

210 1695 320 1756 bus
331 1711 617 1776 ¹certatum
633 1728 647 1768 3
663 1692 877 1776 magna
889 1693 1140 1777 pulueris
1157 1694 1459 1777 jacturassu
1461 1719 1476 1780 J
1488 1718 1554 1757 us
1569 1697 1815 1781 egestate

206 1781 469 1863 inprimis
492 1776 920 1861 premebantur.
968 1779 1131 1839 Luce
1154 1779 1425 1863 proxima
1450 1831 1464 1854 ,
1490 1802 1630 1842 cum
1653 1783 1813 1853 idem

206 1861 537 1947 posceretur
548 1912 562 1936 ,
576 1861 934 1946 magistratus
945 1861 1199 1946 singulos
1225 1884 1291 1923 ac
1317 1862 1722 1932 sedecimviros
1748 1870 1810 1928 in

205 1950 423 2007 cur-iam
437 1963 697 2007 vocatos,
724 1946 939 2028 quibus
952 1945 1245 2020 coram,de
1258 1945 1580 2009 discrimine
1593 1948 1803 2011 aerum.

203 2030 432 2093 Vrbem
448 2028 512 2090 ea
527 2049 687 2112 parte
698 2035 815 2113 jam
830 2029 1174 2111 teneri,‚qua
1197 2031 1584 2114 potiss'umum
1605 2052 1681 2092 ex
1702 2032 1805 2094 vlu
1820 2030 1847 2050 ’¹

201 2114 379 2195 hostis
403 2112 759 2197 suorumque
780 2112 1175 2174 damnoeffet:
1220 2116 1476 2175 maxime
1495 2113 1567 2176 ad
1587 2115 1801 2199 ,Copel·
1818 2113 1845 2133 ’¹

202 2199 392 2260 lanam
410 2234 422 2272 3
447 2197 548 2257 vbi
570 2200 749 2259 muris
760 2219 861 2281 per
886 2201 1115 2259 ruinam
1128 2215 1230 2258 aut
1256 2201 1540 2260 incuriam
1554 2199 1800 2283 dejectiS,
1817 2199 1842 2217 ’'

201 2283 362 2345 tanta
375 2281 631 2344 hostium
645 2280 985 2365 frequentia,
1005 2282 1245 2343 suorum
1270 2282 1659 2344 imbecillitate
1674 2335 1689 2359 ,
1703 2306 1798 2346 ex·
1815 2282 1841 2301 '‘

201 2388 382 2429 trema
408 2388 654 2450 quaeque
676 2365 992 2428 metuenda
1009 2415 1021 2428 .
1077 2365 1465 2428 Aduocatum
1500 2370 1566 2430 &
1598 2366 1793 2430 Praefe-
1813 2366 1840 2385 ’'

200 2451 377 2522 ctum,
390 2471 571 2534 quem
583 2445 1135 2534 consultum,quoad
1148 2449 1373 2511 tolerari
1383 2448 1540 2532 posse
1551 2451 1801 2515 obfidio-

200 2556 339 2596 nem
359 2534 631 2608 crederet,
644 2535 766 2596 Vix
780 2533 1280 2610 horasduodena5‚
1302 2533 1668 2617 respondiffe,
1702 2537 1795 2600 ad·
1812 2573 1838 2592 2,

200 2620 344 2692 dito,
356 2620 455 2677 Ne
480 2641 606 2679 eam
629 2618 869 2702 quidem
897 2618 1134 2680 noctem
1148 2669 1162 2694 ,
1188 2636 1354 2680 tanto
1369 2616 1433 2679 ifi
1456 2618 1797 2697 discrimine,
1810 2657 1836 2676 2,

201 2701 439 2787 praestari
464 2701 494 2761 a
507 2701 561 2763 se
585 2702 747 2786 poffe
761 2751 775 2773 ,
819 2724 928 2763 nec
952 2721 1155 2765 autore
1176 2703 1232 2764 se
1253 2752 1268 2774 ‚
1291 2702 1547 2766 securam
1573 2704 1834 2789 oppido»

201 2810 267 2848 ac
283 2787 472 2847 tutam
483 2785 621 2857 fore.
647 2788 731 2848 Sic
744 2787 1189 2849 transactionem
1202 2788 1462 2872 pluribus
1472 2789 1796 2871 probatam,
1808 2823 1835 2841 υ

200 2894 335 2955 neq,
362 2868 552 2930 multo
570 2870 698 2953 post
717 2889 780 2932 tu
788 2870 1039 2934 bicinem
1052 2894 1190 2934 cum
1203 2874 1375 2934 literis
1390 2873 1462 2935 ad
1474 2875 1796 2935 Montecu-

200 2957 511 3029 cullanum,
527 2975 745 3037 magno
758 2958 977 3019 ciuium
989 2956 1365 3040 quorundam
1380 2975 1567 3033 motu,
1582 2959 1797 3018 caeteris

338 3072 342 3076 ·
1630 3058 1798 3103 inter⁶
