2244 3535
473 275 529 323 7⁶
975 258 1161 306 DAN.
1232 260 1565 306 HEINSII

430 350 671 430 ”primis
698 361 1010 407 caueretur.
1054 360 1282 417 caetera,
1306 364 1435 425 quae
1461 342 1617 404 facto
1643 364 1791 426 opus
1816 395 1830 419 ‚
1864 343 2070 429 finguli

429 453 454 471 ²›
475 435 535 490 in
561 431 696 492 loco
711 480 724 503 ‚
748 449 814 489 ac
843 448 943 510 per
964 425 1019 487 se
1044 425 1323 488 viderent.
1367 429 1542 510 Super
1566 430 1796 501 omnia,
1814 430 2068 512 Zutpha·

430 534 454 551 ’⁷
475 518 580 574 niae
594 563 607 584 ‚
621 514 967 585 Daventriae,
978 510 1360 594 Dousburgo‚
1374 510 1588 572 Swollae
1605 562 1618 585 ‚
1644 509 1968 594 caeterisque
1981 535 2068 574 vr-

430 596 646 657 ”bibus
683 597 885 655 vicinis
918 647 931 669 ‚
967 596 1392 656 commeatibus
1430 617 1496 655 ac
1531 616 1710 656 manu
1742 593 2068 659 succurren-

428 700 452 717 ’‘
472 681 644 743 dum.
712 678 934 739 Eadem
971 678 1304 762 tempestate
1338 678 1579 739 Geldriae
1608 731 1620 752 ,
1651 677 2070 741 Tranfisalaniae

426 783 451 800 ”
472 787 538 825 ac
575 762 883 844 Trajeclini
909 783 1174 844 proceres
1198 762 1521 833 admoniti,
1545 768 1801 824 intentus
1825 761 2072 846 quisque

429 867 451 883 ’³
474 866 538 909 vt
563 864 769 930 ageret.
824 848 1091 906 Iumenta
1117 894 1131 916 ‚
1168 844 1361 929 fruges
1378 896 1391 919 ‚
1416 864 1759 929 caeteraque,
1784 846 2070 929 agrestum

427 950 451 967 '’
472 934 719 1016 quisque
758 933 819 990 in
852 929 1059 990 vrbem
1095 932 1516 1013 comportaret.
1597 932 1745 1007 Quae
1779 929 2070 992 transferri

425 1033 450 1051 ²>
470 1016 666 1077 iubito
691 1012 848 1074 haud
875 1011 1381 1096 poffent‚flammis
1409 1012 1837 1096 corrumpenda
1849 1014 2069 1075 darent.

426 1102 660 1161 ”Omni
693 1119 885 1158 rerum
917 1097 1085 1179 copia
1122 1116 1295 1180 atque
1319 1096 1427 1158 vsu
1453 1149 1465 1173 ,
1502 1096 1937 1181 prohibendum
1961 1097 2066 1158 ho-

426 1200 450 1218 ”
472 1183 629 1245 stem.
673 1181 854 1242 Facile
878 1180 1183 1251 intellectO,
1194 1181 1455 1242 Vltimam
1480 1179 1878 1242 necessitatem
1899 1185 2070 1243 armis

471 1267 798 1351 praevalere.
847 1270 912 1328 ὅ(
939 1318 952 1340 ,
992 1283 1057 1326 vt
1087 1265 1301 1348 opibus
1337 1264 1410 1325 ad
1436 1265 1640 1325 vrbem
1668 1314 1681 1335 ‚
1722 1267 1801 1325 ita
1837 1264 1933 1325 hic
1972 1286 2068 1347 pe-

468 1351 638 1413 nuria
681 1349 1050 1411 certandum.
1118 1348 1501 1417 Brederodius
1528 1401 1541 1424 ‚
1587 1348 1835 1429 Trajech
1869 1349 2071 1410 mode:

466 1455 621 1497 rator
645 1486 658 1509 ‚
685 1432 971 1516 oppidum
995 1454 1187 1493 curare
1211 1431 1384 1515 jussus
1399 1481 1412 1493 .
1473 1436 1571 1494 Ac
1595 1450 1724 1493 tum
1749 1430 1901 1493 forte
1925 1432 2067 1493 mili-

468 1538 590 1580 tem
616 1567 630 1588 ,
665 1521 727 1577 in
747 1516 971 1577 Indiam
996 1516 1067 1578 ad
1091 1515 1480 1577 Occidentem
1504 1516 1850 1576 destinatum
1865 1566 1878 1588 ‚
1905 1520 2068 1579 venti

380 1626 384 1630 ·
468 1602 659 1664 adhuc
682 1600 1056 1673 detinebant3
1101 1598 1265 1681 queis
1291 1598 1537 1660 aduersis
1553 1651 1567 1674 ‚
1593 1598 1664 1659 ad
1689 1598 1936 1659 secunda
1958 1622 2066 1663 no·

468 1686 572 1747 stra
588 1683 666 1745 vfi
690 1683 902 1744 sumus,
948 1683 1099 1744 Vrbi
1112 1681 1510 1758 defendendae‚
1532 1681 1685 1744 mille
1711 1682 1886 1743 electi.
1906 1684 2066 1768 Qui-

470 1769 578 1829 bus
621 1767 843 1850 aliquot
885 1767 917 1828 ὲ
954 1768 1142 1827 Danis
1180 1763 1463 1827 accessere
1501 1818 1515 1842 ‚
1561 1769 1664 1850 qui
1699 1765 1826 1849 post
1849 1788 2065 1849 pacem

467 1856 618 1936 Regi
644 1855 873 1924 initam,
902 1850 1101 1911 militia
1127 1847 1314 1925 soluti,
1343 1869 1554 1912 temere
1570 1850 1933 1912 oberrabant.
1959 1853 2064 1913 Le-

466 1941 567 2020 gio
595 1934 901 2017 Morgani‚
941 1934 1199 1994 indidem
1215 1934 1442 2008 reuersi,
1465 1933 1728 1995 Swollam
1743 1956 1809 1996 ac
1827 1936 2078 2009 Dauens

464 2023 632 2081 triam
645 2017 877 2079 dimissa.
921 2016 1059 2101 Ipse,
1085 2016 1339 2079 Mudam
1354 2041 1419 2081 ac
1432 2020 1497 2081 N
1501 2017 1790 2089 ardenam,
1802 2017 1904 2080 alia
1925 2040 2066 2081 cum

464 2101 1006 2185 manu,dclegatus.
1053 2103 1343 2184 Legiones
1369 2120 1556 2164 ternas
1574 2101 1926 2162 Theodorus
1946 2102 2063 2163 Fal-

464 2187 762 2269 keburgus
787 2237 801 2259 ,
857 2183 1040 2244 castris
1092 2186 1330 2245 Suecicis
1361 2184 1665 2247 Praefectus
1702 2234 1716 2255 ‚
1765 2187 1941 2268 Regis
1979 2182 2064 2248 sui

463 2271 818 2332 sacramento
851 2268 946 2329 hic
971 2287 1224 2352 rogarat.
1276 2291 1526 2353 quarum
1554 2290 1680 2353 pars
1706 2268 2064 2350 Trajectum,

463 2354 726 2416 Swollam
741 2374 865 2436 pars
880 2403 895 2426 ,
915 2354 1296 2434 Daucntria'm
1323 2375 1388 2417 ac
1411 2354 1674 2437 Campos
1689 2403 1702 2427 ,
1719 2351 1893 2413 miss'a.
1937 2354 1999 2413 N
2006 2375 2060 2414 e-

466 2461 582 2520 que
612 2440 798 2519 major
822 2435 1066 2520 vsquam
1093 2436 1302 2520 plebis,
1341 2437 1412 2498 ad
1439 2436 1776 2499 collationes
1805 2435 2059 2519 quasvis,

466 2524 697 2582 Patrum
732 2520 1084 2603 vrbiumque
1106 2520 1542 2592 vicinarum‚ad
1572 2519 1811 2582 tutelam
1838 2525 2061 2604 patriae,

466 2605 745 2688 prolixior
769 2603 1116 2687 effufiorque
1147 2603 1447 2666 liberalitas
1493 2626 1559 2665 ac
1596 2603 1763 2664 fides,
1833 2604 2060 2676 Amste-

465 2687 891 2748 lodamenfibus
912 2709 1024 2770 prae
1063 2690 1274 2748 caeteris
1310 2689 1532 2771 vbique
1564 2691 1848 2770 promptis
1873 2714 1885 2748 :
1914 2710 2057 2771 quo·

465 2793 595 2833 rum
624 2793 763 2854 opes
791 2822 804 2845 ,
841 2774 1070 2831 animus
1115 2787 1291 2852 atque
1323 2793 1459 2855 erga
1498 2770 1685 2831 socios
1721 2770 2057 2833 munificen-

467 2859 544 2915 tia
589 2855 880 2937 aequabat.
950 2853 1314 2936 Tempestate
1351 2854 1553 2916 cadem
1589 2860 1652 2918 δε
1680 2856 2056 2930 HautainiUS,

464 2938 697 3001 Slusano
737 2936 960 3021 oppido
998 2936 1296 3000 Praefestus
1325 2988 1339 3010 ,
1386 2960 1527 2999 cum
1566 2938 1789 2999 delecto
1825 2936 1857 2997 ὲ
1882 2939 2055 3079 Ρῑὲᾷ·

962 3057 965 3060 -
1991 3043 2055 3082 iis
