2244 3535
390 255 431 292 18
816 229 819 231 ’
910 200 1098 285 DAN.
1162 237 1488 283 HEleli

393 352 458 390 ac
484 322 920 405 neruossponte
935 319 1206 379 adferret.
1253 317 1433 394 Vnde
1456 316 1669 399 egestas
1684 317 1915 400 publica
1941 320 2012 380 ad

392 409 632 473 hostem.
681 413 742 468 &
760 408 904 465 niaes
924 400 1561 472 admanum,turbidus
1582 449 1596 470 ,
1627 419 1803 484 atque
1830 403 2009 489 asper-

392 498 513 559 nari
537 491 675 576 juss'a
697 508 918 562 certus,
970 505 1035 547 vt
1066 486 1419 570 plerunque,
1458 483 1644 545 miles,
1725 485 1956 549 Caesaris
1981 484 2013 549 a

393 584 575 642 Dano
601 611 614 648 3
637 577 695 632 in
722 572 877 632 Italia
899 571 1169 632 distracta?
1184 571 1589 654 Hispanorum
1610 573 1783 630 vires·
1800 575 1864 634 &
1878 573 2012 633 Rex

389 662 599 732 Galliae,
616 655 850 717 infestus
868 659 997 740 :qui
1013 658 1314 739 ingentem
1330 676 1574 715 manum
1591 707 1604 729 ‚
1620 656 1860 738 praesens
1878 656 2011 739 ipse,

391 767 517 808 tum
540 740 827 803 Calallum
855 740 1198 802 deducebat.
1253 739 1431 802 Vnde
1453 742 1569 822 jam
1584 744 1640 809 ἃ
1662 739 1764 800 alia
1781 739 2011 822 sperari.·
2068 790 2069 793 η

387 830 630 892 forte&
667 825 881 899 bellum
916 848 991 893 ex
1012 847 1071 886 re
1097 823 1231 885 nata
1256 828 1438 884 acrius
1475 876 1488 897 ,
1535 842 1634 884 aut
1661 828 1785 907 ejus
1804 827 2010 889 causas.

388 909 778 977 Ambrosium
815 909 1018 970 eadem
1043 908 1378 992 tempestate
1413 907 1706 990 Spinolam
1734 960 1748 983 ,
1794 909 2005 995 Hispa-

388 1002 484 1060 nia
511 995 776 1072 tenebat:
825 997 1016 1055 virum
1038 998 1307 1054 maxima:
1319 992 1680 1052 dexteritatis
1719 1015 1784 1054 ac
1808 1016 2007 1077 geren-

390 1083 476 1143 dis
492 1080 665 1142 rebus
689 1100 901 1162 parem.
935 1078 1007 1140 ad
1019 1101 1175 1162 quae,
1198 1077 1230 1138 ὲ
1257 1077 1541 1137 diuturno
1558 1078 1880 1160 imperandi
1905 1080 2009 1142 vsu

391 1189 457 1228 ac
470 1165 723 1227 successu
744 1181 836 1223 tot
850 1185 1143 1224 annorum
1170 1213 1184 1234 ,
1228 1161 1380 1223 fama
1403 1164 1607 1245 ingens
1630 1183 1771 1222 cum
1796 1169 2008 1226 autori-

389 1269 534 1324 tate,
550 1248 885 1310 accedebat.
934 1248 1112 1310 Vnde
1126 1250 1272 1308 noui
1287 1250 1626 1308 animorum
1651 1268 1870 1308 motus
1916 1272 2007 1332 ap-

388 1352 590 1419 paratu
625 1331 756 1392 belli
791 1332 946 1416 apud
972 1354 1084 1394 nos
1121 1330 1384 1415 suspeffln
1413 1380 1426 1401 ,
1471 1352 1579 1391 nec
1610 1330 1820 1391 6)(αᾶὶο
1845 1330 1977 1394 satis
1996 1385 2010 1408 ‚

386 1421 482 1480 cui
511 1412 672 1478 tanta
696 1416 1014 1499 imperandi
1032 1416 1216 1477 moles
1241 1415 1629 1475 mandaretur.
1673 1415 2010 1480 Henricum

388 1507 605 1586 quippe
625 1502 898 1582 Bergium
925 1547 942 1566 ,
976 1499 1049 1561 ab
1065 1499 1237 1560 rebus
1261 1496 1582 1558 felicissime
1606 1520 1796 1559 annos
1817 1499 2009 1582 plures

387 1585 545 1671 apud
579 1583 778 1667 Belgas
814 1583 978 1668 gestis
1009 1634 1022 1654 ‚
1066 1583 1170 1644 sibi
1215 1604 1280 1643 ac
1315 1580 1670 1652 successibus
1698 1581 2009 1660 fidentem,

387 1691 612 1732 nomen
641 1667 793 1729 bello
822 1668 1042 1729 clarum
1069 1704 1082 1742 3
1108 1666 1403 1728 'Carolum
1424 1666 1746 1729 Colomam
1773 1719 1788 1743 ‚
1833 1689 2010 1752 gente

389 1753 726 1837 Hispanum
764 1806 776 1828 ,
831 1757 926 1815 cui
964 1753 1133 1814 altera
1173 1751 1386 1813 militiae
1434 1774 1559 1835 pars
1596 1752 2008 1829 incumbebat,
2060 1776 2061 1779 ¹

388 1839 487 1900 sua
513 1860 654 1922 gens
678 1860 741 1898 ac
768 1837 944 1899 nostri
971 1837 1176 1898 odium
1195 1889 1208 1912 ,
1248 1836 1527 1920 plerisque
1550 1836 1775 1921 populo
1804 1838 2010 1898 auerfis

388 1921 872 1984 commendabat.
941 1927 1006 1985 ὃζ
1031 1923 1281 2006 Hispani
1308 1921 1446 2004 juffa
1479 1939 1819 1983 exterorum
1850 1945 2007 1984 auer-

388 2008 610 2068 santur.
656 2006 1002 2068 Accedebat
1030 2010 1136 2068 viri
1163 2006 1414 2089 dignitas
1442 2029 1508 2070 ac
1536 2028 1747 2090 genus·
1795 2008 2010 2068 Domo

387 2095 605 2176 quippe
632 2093 1001 2172 Arragonius
1016 2141 1029 2163 ‚
1054 2089 1245 2149 illustri
1266 2112 1330 2149 ac
1353 2089 1600 2163 vetusta,
1626 2093 1843 2150 Prorex
1866 2090 2009 2151 olim

286 2236 291 2241 ,
385 2175 561 2237 Indiae
588 2196 652 2235 ac
675 2175 978 2234 Cameraci
998 2190 1191 2256 egerat
1207 2170 1528 2233 Praefefius
1573 2174 1792 2256 Neque
1813 2174 2009 2235 multo

360 2326 363 2328 ,
386 2259 517 2344 post
531 2259 651 2319 haec
664 2308 678 2329 ,
690 2281 817 2341 quae
832 2273 939 2340 pro
954 2259 1143 2332 nobiS,
1162 2259 1370 2317 iterum
1381 2255 1615 2318 diuersa.
1659 2259 1909 2319 Danum
1922 2262 2006 2319 in-

386 2364 472 2405 ter
502 2342 908 2426 Caesaremque
932 2364 1074 2426 pax,
1113 2363 1222 2402 nec
1271 2343 1532 2423 opinata.
1588 2343 1672 2403 Sic
1697 2341 2009 2404 defunctus

391 2427 546 2489 bello
570 2427 781 2489 Caesar.
828 2428 859 2488 a
883 2447 1009 2511 quo
1033 2447 1179 2487 mox
1200 2428 1466 2508 ingentes
1490 2429 1671 2509 copia:
1700 2427 2008 2510 Belgarum

388 2512 605 2572 finibus
635 2511 923 2574 immissae.
979 2512 1073 2571 Ex
1111 2509 1262 2584 Italia
1288 2508 1541 2571 deceffus
1575 2514 1774 2595 magni
1802 2513 2006 2595 Regis:

389 2599 491 2680 qui
508 2599 796 2680 perruptis
826 2596 1080 2679 Alpibus
1112 2613 1286 2678 atque
1318 2594 1476 2655 aditu
1503 2645 1516 2665 ‚
1552 2595 1797 2656 Sabaudi
1823 2598 2007 2657 milite

389 2679 810 2755 obseffO,Susa‚
835 2681 975 2741 vrbe
999 2678 1207 2753 valida,
1239 2700 1375 2739 cum
1402 2701 1527 2740 arce
1549 2680 1884 2764 expugnata
1904 2705 1928 2755 ‚·
1945 2680 2005 2740 li0

391 2757 593 2825 berato
613 2763 686 2825 ad
706 2764 825 2825 haec
840 2764 1063 2848 oppido
1074 2762 1301 2824 Casallo
1316 2814 1328 2836 ‚
1357 2763 1522 2846 quod
1541 2764 1843 2826 Gonzalus
1857 2766 2003 2825 Cor-

388 2849 545 2910 duba
561 2849 878 2933 premebat,
896 2850 1030 2910 dein
1045 2852 1183 2910 citra
1196 2847 1663 2930 expeffationem
1676 2870 1862 2934 regno
1876 2847 2001 2908 red-

389 2933 560 3010 dituS,
575 2937 635 2995 in
649 2932 784 2996 suos
799 2982 814 3005 ,
827 2932 1020 2996 adhuc
1042 2931 1434 2994 discordantes
1448 2984 1461 3008 ‚
1477 2954 1633 2997 arma
1646 2934 1721 2996 ab
1734 2932 2005 3016 Hispano

1809 3033 1998 3079 vertit.
