2244 3535
489 264 536 317 56
995 245 1180 294 DAN.
1249 245 1581 305 HEIN‘SII

444 366 467 383 n
491 336 552 393 ni
568 329 800 416 supersit
814 329 907 388 cui
924 328 1259 387 innitantur.
1302 324 1477 385 Votis
1491 321 1634 383 nihil
1645 322 1776 382 addi
1789 321 1964 407 posse,
1982 322 2086 387 nifi
2151 322 2156 332 '

444 451 469 469 ²>
490 434 557 477 vt
580 418 651 476 ad
674 409 1143 494 magnitudinem
1174 404 1532 474 succeffuum
1566 405 1909 468 diuturnitas
1931 426 2083 471 acce-

489 499 602 560 dat.
615 495 778 580 quod
787 495 820 554 e
831 492 942 554 suis
955 495 1230 577 primum.
1244 491 1467 574 Scriptae
1479 511 1721 573 quoque
1735 492 1783 572 ej
1791 487 1991 562 usdem
2003 514 2086 554 ar·

490 582 757 665 gumenti
768 577 946 649 ,literae
957 628 970 652 ‚
986 573 1098 659 jam
1111 575 1228 636 a'liis
1244 574 1503 659 vulgatae.
1560 573 1666 636 Ad
1679 573 1936 657 quaeipse
1949 625 1964 649 ,
1988 578 2087 640 Sat.-

443 704 467 720 ‚‚
490 668 617 748 pius
651 678 1024 744 compertum
1049 660 1153 721 fibi
1174 711 1188 734 ‚
1235 668 1529 742 quantum
1562 656 1618 718 se
1641 657 1875 740 absente
1911 679 2088 743 opera

443 786 467 803 >›
492 745 811 832 procedant
820 771 841 805 ε·
850 766 1039 828 neque
1063 743 1342 825 poenitere
1352 794 1365 817 ‚
1380 750 1669 825 quantum
1682 793 1695 817 ,
1708 763 1846 803 cum
1859 741 2088 820 adeffet,

444 870 468 886 ‚‚
492 846 927 915 promouerent.
956 849 1093 892 nam
1107 826 1450 888 alacritatem
1464 824 1694 909 lingulis
1710 825 1784 898 ab
1797 847 1923 888 vno
1937 825 2089 890 addi.

443 954 468 971 ,‚
489 915 804 976 Sollicitum
815 934 880 973 ac
894 932 1068 996 graue
1079 910 1182 971 fibi
1196 960 1210 984 ‚
1237 927 1327 970 tot
1341 908 1649 991 tantosque
1673 908 1938 994 sumptus
1966 910 2089 973 fieri
2113 941 2115 943 ·
2142 924 2148 929 '

443 1038 468 1055 ‚‚
492 1003 554 1060 in
569 1000 724 1059 diem
734 1005 760 1058 ἐ
785 1017 938 1079 quos
950 997 1128 1080 perire
1150 992 1405 1077 publicO,
1423 995 1484 1054 ni
1498 992 1648 1053 rech
1660 993 2088 1076 impendantur.

491 1081 682 1145 Partes
697 1081 801 1142 fibi
827 1080 929 1141 has
943 1077 1234 1161 impositas
1248 1076 1279 1138 a
1291 1078 1453 1149 De0,
1474 1076 1576 1137 has
1603 1075 1865 1138 tuendas,
1909 1079 1977 1140 N
1979 1100 2087 1140 un-

444 1204 470 1223 „
493 1189 669 1251 quam
690 1165 1010 1227 alienas‘aut
1024 1164 1405 1223 temeritatem
1421 1160 1699 1243 placuiffe.
1743 1162 1812 1221 In
1827 1162 1940 1222 suis
1965 1164 2086 1222 cui-

444 1289 469 1306 „
492 1273 608 1334 que
623 1248 914 1334 pulchrius
926 1246 1156 1331 agendo
1180 1266 1358 1328 quam
1372 1244 1558 1306 invtili
1573 1265 1670 1305 aut
1684 1244 1881 1307 ociosa
1894 1263 2088 1308 morte

489 1335 771 1416 extingui.
785 1337 848 1395 &
863 1331 1163 1415 praefixum
1177 1332 1388 1412 cuique
1401 1333 1530 1390 vita:
1542 1328 1935 1395 finem.Nobis
1945 1348 2086 1391 con·
2101 1386 2106 1391 .

489 1418 610 1493 stat,
624 1419 925 1478 monitum
939 1415 1012 1476 ab
1025 1413 1187 1474 hoste
1198 1463 1212 1488 ,
1225 1431 1290 1472 vt
1302 1414 1627 1496 Principem
1641 1411 1697 1472 se
1722 1411 2087 1491 meminiffet,

491 1524 601 1563 nec
613 1500 913 1561 securitate
932 1497 1018 1559 sui
1038 1496 1227 1558 fatum
1241 1514 1601 1580 provocaret.
1644 1496 1777 1579 Ego
1792 1545 1806 1566 ,
1831 1517 1956 1579 quo
1979 1495 2087 1558 hu-

492 1607 668 1657 mana
680 1583 848 1645 altius
860 1580 1153 1666 perlustr0‚
1170 1602 1244 1640 eo
1258 1582 1439 1641 vitam
1452 1581 1786 1661 Principum
1798 1601 1864 1640 ac
1886 1601 2088 1646 curam

493 1666 845 1730 firmioribus
877 1663 1136 1750 praefidiis
1164 1664 1336 1724 inniti
1362 1684 1492 1724 reor
1503 1707 1517 1722 .
1564 1664 1693 1724 Siue
1717 1661 1996 1725 immensa
2020 1685 2089 1726 ac

492 1772 700 1829 aeterna
728 1771 894 1811 mens
907 1748 998 1810 illa
1012 1746 1320 1832 ,quidlibet
1333 1748 1665 1831 complexa,
1694 1749 1999 1830 proximos
2023 1750 2089 1810 in

453 1868 459 1874 ·
495 1839 654 1898 terris
667 1837 847 1897 acrius
861 1852 1071 1895 tuetur.
1084 1831 1344 1914 an‚quod
1357 1834 1567 1892 caeteris
1580 1830 1651 1892 ad
1663 1829 1937 1893 destinata
1954 1852 2087 1915 pro·

494 1919 774 1980 vehendis
787 1916 1014 1978 interest
1027 1965 1041 1986 ‚
1053 1933 1284 1984 vtvnus
1300 1918 1556 1976 maxime
1571 1913 1842 1976 seruetur.
1867 1916 2088 1998 Neque

494 2021 692 2064 tamen
707 1999 944 2062 casuum
957 2003 1174 2061 incerta
1197 2015 1371 2082 atque
1385 1999 1610 2074 occulta
1635 1998 1807 2069 nobis
1834 2049 1850 2074 ‚
1872 2019 2088 2082 provo·

494 2086 676 2147 canda
685 2085 945 2146 dixerim.
956 2080 1492 2165 Plerisqueconstat‚
1505 2082 1736 2164 junctos
1757 2081 1918 2143 lateri
1931 2081 2088 2143 haud

492 2169 664 2248 semel
685 2168 964 2229 machinis
991 2164 1246 2226 sublatos
1270 2189 1283 2224 :
1310 2164 1449 2248 pilas
1475 2164 1807 2247 grandiores
1834 2181 1969 2226 ante
1993 2182 2089 2248 pe·-
2170 2198 2173 2201 ·

492 2253 593 2314 des
613 2305 624 2328 ‚
642 2272 929 2334 tanquam
942 2253 1275 2316 interuentu
1303 2250 1562 2308 numinis
1578 2298 1592 2324 ‚
1618 2247 1918 2333 prolapsas,
1942 2269 2090 2332 quas

494 2334 682 2398 stitiss'e
695 2338 780 2402 vis
795 2334 1050 2395 humana
1072 2335 1254 2415 major
1275 2327 1604 2394 videbatur.
1637 2333 1706 2393 In
1729 2335 2084 2416 propinqu0‚

306 2446 326 2462 ’ν
495 2420 613 2481 vbi'
637 2416 896 2503 “impetus
932 2416 1171 2478 hostiles
1194 2437 1260 2476 ac
1299 2414 1583 2489 bellorum
1620 2415 1779 2477 casus
1811 2420 1853 2459 ’(-
1887 2415 2089 2499 Crepi-

484 2503 763 2570 ,cordium
790 2501 1044 2576 arcebat,
1070 2503 1200 2560 vitae
1224 2497 1376 2569 socia
1388 2521 1524 2561 cum
1540 2497 1879 2570 success'ore,
1903 2517 1970 2569 vt
1991 2521 2087 2583 pe-

468 2586 762 2656 riclitanti
799 2588 1039 2669 propius
1065 2586 1317 2653 timeret,
1343 2585 1490 2643 inter
1513 2598 1704 2644 metus
1727 2603 1792 2643 ac
1817 2582 2090 2666 ambigua

400 2679 409 2688 “
494 2674 806 2731 rumorumv
821 2669 1089 2752 agitabat.
1143 2665 1294 2749 Qa:
1323 2666 1363 2726 si
1388 2666 1630 2748 quando
1651 2665 1777 2748 po'st
1800 2665 2088 2727 custodias

496 2754 809 2821 nocturnas
835 2747 1480 2834 raptiminterviseretur
1495 2798 1509 2818 ‚
1535 2748 1713 2809 dubia
1734 2748 1968 2811 videndi
1993 2748 2095 2810 de·-

496 2840 620 2898 nuo
641 2857 820 2919 quem
845 2855 992 2900 curae
1005 2834 1273 2894 militares
1294 2832 1680 2907 revocabant,
1706 2833 1856 2895 victa
1874 2848 2086 2911 matro-

496 2920 609 2982 nali
630 2919 806 2990 lustu,
820 2915 1183 2980 festinantem
1208 2915 1555 2979 dimittebat.
1582 2938 1658 2978 ne
1684 2915 1938 2980 aduentu
1953 2919 2087 3059 ἓω-

1600 3017 1602 3019 ’
1995 3020 2090 3065 em
